<record xmlns="http://www.loc.gov/MARC21/slim" xmlns:xsi="http://www.w3.org/2001/XMLSchema-instance" xsi:schemaLocation="http://www.loc.gov/MARC21/slim http://www.loc.gov/standards/marcxml/schema/MARC21slim.xsd"><leader>01883nam a2200349   4500</leader><controlfield tag="001">001943224</controlfield><controlfield tag="003">NNU</controlfield><controlfield tag="006">m        d        </controlfield><controlfield tag="007">cr cn |||m|||a</controlfield><controlfield tag="008">150116q19001989ua h    ob    001 0 arar</controlfield><datafield ind1=" " ind2=" " tag="040"><subfield code="a">NNU</subfield><subfield code="b">eng</subfield><subfield code="c">NNU</subfield></datafield><datafield ind1="0" ind2=" " tag="050"><subfield code="a">PJ6131.M35</subfield><subfield code="b">K584 1900z</subfield></datafield><datafield ind1=" " ind2=" " tag="090"><subfield code="a">PJ6131.M35</subfield><subfield code="b">K584 1900z</subfield></datafield><datafield ind1="1" ind2=" " tag="100"><subfield code="a">Ibn Jinn&#299;, Ab&#363; al-Fat&#7717; &#699;Uthm&#257;n,</subfield><subfield code="d">d. 1002.</subfield></datafield><datafield ind1="1" ind2="3" tag="245"><subfield code="a">al-Mun&#7779;if</subfield><subfield code="h">[electronic resource] /</subfield><subfield code="c">shar&#7717; Ab&#299; al-Fat&#7717; &#699;Uthm&#257;n ibn Jinn&#299; al-Na&#7717;w&#299; li-Kit&#257;b al-ta&#7779;r&#299;f / li-Ab&#299; &#699;Uthm&#257;n al-M&#257;zin&#299; al-Na&#7717;w&#299; al-Ba&#7779;r&#299; ; bi-ta&#7717;q&#299;q Ibr&#257;h&#299;m Mu&#7779;&#7789;af&#225;, &#699;Abd All&#257;h Am&#299;n.</subfield></datafield><datafield ind1=" " ind2=" " tag="260"><subfield code="a">[Cairo], Mi&#7779;r :</subfield><subfield code="b">Mu&#7779;&#7789;af&#225; al-B&#257;b&#299; al-&#7716;alab&#299;,</subfield><subfield code="c">[19--]</subfield></datafield><datafield ind1=" " ind2=" " tag="300"><subfield code="a">online resource (3 v.) :</subfield><subfield code="b">facsims.</subfield></datafield><datafield ind1=" " ind2=" " tag="500"><subfield code="a">Reprint. Originally published: al-&#7788;ab&#699;ah 1. [Cairo] : Wiz&#257;rat al-Ma&#699;&#257;rif al-&#699;Um&#363;m&#299;yah, Id&#257;rat I&#7717;y&#257;&#700; al-Tur&#257;th al-Qad&#299;m, Id&#257;rat al-Thaq&#257;fah al-&#699;&#256;mmah, 1954-1960.</subfield></datafield><datafield ind1=" " ind2=" " tag="500"><subfield code="a">Part of the Arabic Collections Online (ACO) project, contributed by New York Univeristy Libraries.</subfield></datafield><datafield ind1=" " ind2=" " tag="504"><subfield code="a">Includes bibliographical references and indexes.</subfield></datafield><datafield ind1=" " ind2=" " tag="533"><subfield code="a">Electronic reproduction.</subfield><subfield code="b">New York, N.Y. :</subfield><subfield code="c">New York University,</subfield><subfield code="d">2015.</subfield><subfield code="5">NNU</subfield></datafield><datafield ind1="1" ind2="0" tag="600"><subfield code="a">M&#257;zin&#299;, Bakr ibn Mu&#7717;ammad,</subfield><subfield code="d">9th cent.</subfield><subfield code="t">Kit&#257;b al-ta&#7779;r&#299;f.</subfield></datafield><datafield ind1=" " ind2="0" tag="650"><subfield code="a">Arabic language</subfield><subfield code="x">Morphology</subfield><subfield code="v">Early works to 1800.</subfield></datafield><datafield ind1="1" ind2=" " tag="700"><subfield code="a">Am&#299;n, &#699;Abd All&#257;h.</subfield></datafield><datafield ind1="1" ind2=" " tag="700"><subfield code="a">Mu&#7779;&#7789;af&#225;, Ibr&#257;h&#299;m.</subfield></datafield><datafield ind1="1" ind2=" " tag="700"><subfield code="a">M&#257;zin&#299;, Bakr ibn Mu&#7717;ammad,</subfield><subfield code="d">9th cent.</subfield><subfield code="t">Kit&#257;b al-ta&#7779;r&#299;f.</subfield></datafield><datafield ind1="2" ind2=" " tag="710"><subfield code="a">New York University.</subfield><subfield code="b">Libraries.</subfield></datafield><datafield ind1="0" ind2=" " tag="730"><subfield code="a">Arabic Collections Online.</subfield></datafield><datafield ind1="0" ind2="8" tag="776"><subfield code="i">Print version:</subfield><subfield code="a">Ibn Jinn&#299;, Ab&#363; al-Fat&#7717; &#699;Uthm&#257;n, d. 1002.</subfield><subfield code="t">al-Mun&#7779;if</subfield><subfield code="w">(NNU)001943224</subfield><subfield code="w">(DLC)87960059</subfield></datafield><datafield ind1="4" ind2="0" tag="856"><subfield code="u">http://hdl.handle.net/2333.1/qnk98vtc</subfield></datafield><datafield ind1=" " ind2=" " tag="959"><subfield code="a">NNU</subfield><subfield code="b">WEB</subfield><subfield code="c">GENI</subfield><subfield code="t">0</subfield><subfield code="m">Electronic access</subfield><subfield code="s">01</subfield></datafield><datafield ind1=" " ind2=" " tag="999"><subfield code="i">NNU_001943224</subfield><subfield code="o" /><subfield code="e">(ERROR-880)(ERROR-MISC)</subfield></datafield></record>